<record><leader>00000cas a22000007a 4500</leader><controlfield tag="001">11836891</controlfield><controlfield tag="008">850322d187118uuohumr ne      0    0eng d</controlfield><datafield ind1=" " ind2=" " tag="010"><subfield code="a">sn 85025651 </subfield></datafield><datafield ind1=" " ind2=" " tag="040"><subfield code="a">NPX</subfield><subfield code="b">eng</subfield><subfield code="c">NPX</subfield><subfield code="d">NPU</subfield><subfield code="d">ONP</subfield><subfield code="d">OCLCQ</subfield></datafield><datafield ind1=" " ind2=" " tag="042"><subfield code="a">msc</subfield></datafield><datafield ind1="0" ind2=" " tag="130"><subfield code="a">Boy in blue (Middlebourne, Ohio 1871)</subfield></datafield><datafield ind1="1" ind2="4" tag="245"><subfield code="a">The Boy in blue.</subfield></datafield><datafield ind1=" " ind2=" " tag="260"><subfield code="a">Middlebourne, Guernsey County, O. [Ohio :</subfield><subfield code="b">John Kirkpatrick]</subfield></datafield><datafield ind1=" " ind2=" " tag="300"><subfield code="a">v.</subfield></datafield><datafield ind1=" " ind2=" " tag="310"><subfield code="a">Monthly,</subfield><subfield code="b">Sept. 1877-&lt;1879&gt;</subfield></datafield><datafield ind1=" " ind2=" " tag="321"><subfield code="a">Monthly,</subfield><subfield code="b">&lt;July 1872&gt;-June 1875</subfield></datafield><datafield ind1=" " ind2=" " tag="321"><subfield code="a">Weekly,</subfield><subfield code="b">July 10, 1875-Aug. 4, 1877</subfield></datafield><datafield ind1="1" ind2=" " tag="362"><subfield code="a">Began in 1871.</subfield></datafield><datafield ind1=" " ind2=" " tag="500"><subfield code="a">Published in: Middlebourne, Ohio, &lt;1872&gt;-Mar. 1873, and: Cambridge, Ohio, Apr. 187-&lt;1879&gt;.</subfield></datafield><datafield ind1=" " ind2=" " tag="500"><subfield code="a">"The soldier's weekly."</subfield></datafield><datafield ind1=" " ind2=" " tag="588"><subfield code="a">Description based on: Vol. 2, no. 1 (July 1872).</subfield></datafield><datafield ind1=" " ind2="4" tag="651"><subfield code="a">Veterans</subfield><subfield code="z">Ohio</subfield><subfield code="v">Newspapers.</subfield></datafield><datafield ind1=" " ind2="4" tag="651"><subfield code="a">Cambridge (Ohio)</subfield><subfield code="v">Newspapers.</subfield></datafield><datafield ind1=" " ind2="4" tag="651"><subfield code="a">Middlebourne (Ohio)</subfield><subfield code="v">Newspapers.</subfield></datafield><datafield ind1=" " ind2="4" tag="651"><subfield code="a">Guernsey County (Ohio)</subfield><subfield code="v">Newspapers.</subfield></datafield><datafield ind1=" " ind2=" " tag="752"><subfield code="a">United States</subfield><subfield code="b">Ohio</subfield><subfield code="c">Guernsey</subfield><subfield code="d">Cambridge.</subfield></datafield></record>